<record><leader>00000cas a2200000 a 4500</leader><controlfield tag="001">12257748</controlfield><controlfield tag="008">850712d19421945ksuwr ne      0    0eng d</controlfield><datafield ind1=" " ind2=" " tag="010"><subfield code="a">sn 85031578 </subfield></datafield><datafield ind1=" " ind2=" " tag="040"><subfield code="a">KSH</subfield><subfield code="b">eng</subfield><subfield code="c">KSH</subfield><subfield code="d">NPT</subfield><subfield code="d">OCL</subfield><subfield code="d">OCLCQ</subfield></datafield><datafield ind1=" " ind2=" " tag="042"><subfield code="a">msc</subfield></datafield><datafield ind1="0" ind2=" " tag="130"><subfield code="a">Air currents (Coffeyville, Kan.)</subfield></datafield><datafield ind1="1" ind2="0" tag="245"><subfield code="a">Air currents.</subfield></datafield><datafield ind1="1" ind2="3" tag="246"><subfield code="a">Coffeyville Army air field air currents</subfield><subfield code="f">Apr. 28-Oct. 12, 1945</subfield></datafield><datafield ind1=" " ind2=" " tag="260"><subfield code="a">Coffeyville, Kan. :</subfield><subfield code="b">Leader Pub. Co.,</subfield><subfield code="c">1942-1945.</subfield></datafield><datafield ind1=" " ind2=" " tag="300"><subfield code="a">3 v. :</subfield><subfield code="b">ill. ;</subfield><subfield code="c">27-55 cm.</subfield></datafield><datafield ind1=" " ind2=" " tag="310"><subfield code="a">Weekly</subfield></datafield><datafield ind1="0" ind2=" " tag="362"><subfield code="a">Vol. 1, no. 11 (Jan. 30, 1943)-v. 3, no. 48 (Oct. 12, 1945).</subfield></datafield><datafield ind1=" " ind2=" " tag="500"><subfield code="a">Published by and for the military personnel of Coffeyville Army Air Field, Coffeyville, Kan.</subfield></datafield><datafield ind1=" " ind2=" " tag="580"><subfield code="a">Continues the periodical called: Air currents.</subfield></datafield><datafield ind1=" " ind2=" " tag="752"><subfield code="a">United States</subfield><subfield code="b">Kansas</subfield><subfield code="c">Montgomery</subfield><subfield code="d">Coffeyville.</subfield></datafield><datafield ind1="1" ind2="0" tag="780"><subfield code="t">Air currents</subfield></datafield></record>